@misc{tanexamplewebsite1,
title="Tangents and Slopes",
howpublished="\url{https://www2.clarku.edu/faculty/djoyce/trig/tangents.html}",
note = "Accessed: 2021-07-22"}

@misc{tanexamplewebsite2,
howpublished="\url{https://math.stackexchange.com/questions/755083/real-world-tangent-functions}", note="Accessed: 2021-07-22"}

@misc{unitcirclewebsite,
howpublished={\url{https://en.wikipedia.org/wiki/Unit\_circle}}, 
note="Accessed: 2021-07-22"}

@misc{tandomainwebsite,
howpublished={\url{https://www.varsitytutors.com/hotmath/hotmath\_help/topics/graphing-tangent-function}}, 
note={Accessed: 2021-07-22}}